<?xml version="1.0" encoding="UTF-8"?><collection xmlns="http://www.loc.gov/MARC21/slim"><record><leader>00427nam--2200133-i-4500</leader><controlfield tag="001">000005590</controlfield><controlfield tag="002">20161230</controlfield><controlfield tag="005">20161230201026</controlfield><controlfield tag="008">060222s1000------------r-----000-0-eng-d</controlfield><datafield ind1=" " ind2=" " tag="100"><subfield code="a">Achmatowicz, T.And Zurakowska-orszagh, J</subfield></datafield><datafield ind1=" " ind2=" " tag="245"><subfield code="a">Polimerization of methacrylamide in the solid state under the influence of-ra- diation</subfield></datafield><datafield ind1=" " ind2=" " tag="260"><subfield code="a">Warsaw, Institute Of Nuclear Research, 1960 2 P. + 1 Figura</subfield></datafield><datafield ind1=" " ind2=" " tag="490"><subfield code="a">207</subfield></datafield><datafield ind1=" " ind2=" " tag="852"><subfield code="a">13780</subfield></datafield></record></collection>